%YAML 1.1
%TAG !u! tag:unity3d.com,2011:
--- !u!1 &58007943955011948
GameObject:
  m_ObjectHideFlags: 0
  m_CorrespondingSourceObject: {fileID: 0}
  m_PrefabInstance: {fileID: 0}
  m_PrefabAsset: {fileID: 0}
  serializedVersion: 6
  m_Component:
  - component: {fileID: 67969122122506305}
  - component: {fileID: 4168305179826813042}
  m_Layer: 7
  m_Name: Middle
  m_TagString: Untagged
  m_Icon: {fileID: 0}
  m_NavMeshLayer: 0
  m_StaticEditorFlags: 0
  m_IsActive: 1
--- !u!4 &67969122122506305
Transform:
  m_ObjectHideFlags: 0
  m_CorrespondingSourceObject: {fileID: 0}
  m_PrefabInstance: {fileID: 0}
  m_PrefabAsset: {fileID: 0}
  m_GameObject: {fileID: 58007943955011948}
  m_LocalRotation: {x: -0, y: -0, z: -0, w: 1}
  m_LocalPosition: {x: 0, y: 0, z: -0.16499996}
  m_LocalScale: {x: 1, y: 1, z: 1}
  m_ConstrainProportionsScale: 0
  m_Children: []
  m_Father: {fileID: 5391802663131307455}
  m_RootOrder: 1
  m_LocalEulerAnglesHint: {x: 0, y: 0, z: 0}
--- !u!114 &4168305179826813042
MonoBehaviour:
  m_ObjectHideFlags: 0
  m_CorrespondingSourceObject: {fileID: 0}
  m_PrefabInstance: {fileID: 0}
  m_PrefabAsset: {fileID: 0}
  m_GameObject: {fileID: 58007943955011948}
  m_Enabled: 1
  m_EditorHideFlags: 0
  m_Script: {fileID: 11500000, guid: 627855c7f81362d41938ffe0b1475957, type: 3}
  m_Name: 
  m_EditorClassIdentifier: 
  m_SynchronizePosition: 1
  m_SynchronizeRotation: 1
  m_SynchronizeScale: 0
  m_UseLocal: 1
--- !u!1 &1610985632837694714
GameObject:
  m_ObjectHideFlags: 0
  m_CorrespondingSourceObject: {fileID: 0}
  m_PrefabInstance: {fileID: 0}
  m_PrefabAsset: {fileID: 0}
  serializedVersion: 6
  m_Component:
  - component: {fileID: 1610985632837694715}
  - component: {fileID: 1610985632837694713}
  - component: {fileID: 1610985632837694712}
  m_Layer: 7
  m_Name: Notch
  m_TagString: Untagged
  m_Icon: {fileID: 0}
  m_NavMeshLayer: 0
  m_StaticEditorFlags: 0
  m_IsActive: 1
--- !u!4 &1610985632837694715
Transform:
  m_ObjectHideFlags: 0
  m_CorrespondingSourceObject: {fileID: 0}
  m_PrefabInstance: {fileID: 0}
  m_PrefabAsset: {fileID: 0}
  m_GameObject: {fileID: 1610985632837694714}
  m_LocalRotation: {x: -0, y: -0, z: -0, w: 1}
  m_LocalPosition: {x: 0, y: 0, z: -0.16499996}
  m_LocalScale: {x: 1, y: 1, z: 1}
  m_ConstrainProportionsScale: 0
  m_Children:
  - {fileID: 300866024933053453}
  m_Father: {fileID: 5237543008225696719}
  m_RootOrder: 2
  m_LocalEulerAnglesHint: {x: 0, y: 0, z: 0}
--- !u!114 &1610985632837694713
MonoBehaviour:
  m_ObjectHideFlags: 0
  m_CorrespondingSourceObject: {fileID: 0}
  m_PrefabInstance: {fileID: 0}
  m_PrefabAsset: {fileID: 0}
  m_GameObject: {fileID: 1610985632837694714}
  m_Enabled: 1
  m_EditorHideFlags: 0
  m_Script: {fileID: 11500000, guid: 477605e3da91f604aaf76799722140f9, type: 3}
  m_Name: 
  m_EditorClassIdentifier: 
  m_InteractionManager: {fileID: 0}
  m_InteractionLayerMask:
    serializedVersion: 2
    m_Bits: 823
  m_InteractionLayers:
    m_Bits: 4294967295
  m_AttachTransform: {fileID: 67969122122506305}
  m_KeepSelectedTargetValid: 1
  m_StartingSelectedInteractable: {fileID: 0}
  m_StartingTargetFilter: {fileID: 0}
  m_HoverEntered:
    m_PersistentCalls:
      m_Calls: []
  m_HoverExited:
    m_PersistentCalls:
      m_Calls: []
  m_SelectEntered:
    m_PersistentCalls:
      m_Calls: []
  m_SelectExited:
    m_PersistentCalls:
      m_Calls: []
  m_StartingHoverFilters: []
  m_StartingSelectFilters: []
  m_OnHoverEntered:
    m_PersistentCalls:
      m_Calls: []
  m_OnHoverExited:
    m_PersistentCalls:
      m_Calls: []
  m_OnSelectEntered:
    m_PersistentCalls:
      m_Calls: []
  m_OnSelectExited:
    m_PersistentCalls:
      m_Calls: []
  m_ShowInteractableHoverMeshes: 0
  m_InteractableHoverMeshMaterial: {fileID: 0}
  m_InteractableCantHoverMeshMaterial: {fileID: 0}
  m_SocketActive: 1
  m_InteractableHoverScale: 1
  m_RecycleDelayTime: 1
  releaseThreshold: 0.25
--- !u!135 &1610985632837694712
SphereCollider:
  m_ObjectHideFlags: 0
  m_CorrespondingSourceObject: {fileID: 0}
  m_PrefabInstance: {fileID: 0}
  m_PrefabAsset: {fileID: 0}
  m_GameObject: {fileID: 1610985632837694714}
  m_Material: {fileID: 0}
  m_IsTrigger: 1
  m_Enabled: 1
  serializedVersion: 2
  m_Radius: 0.05
  m_Center: {x: 0, y: 0, z: 0}
--- !u!1 &1610985632869204290
GameObject:
  m_ObjectHideFlags: 0
  m_CorrespondingSourceObject: {fileID: 0}
  m_PrefabInstance: {fileID: 0}
  m_PrefabAsset: {fileID: 0}
  serializedVersion: 6
  m_Component:
  - component: {fileID: 1610985632869204291}
  - component: {fileID: 1610985632869204300}
  m_Layer: 7
  m_Name: Attach
  m_TagString: Untagged
  m_Icon: {fileID: 0}
  m_NavMeshLayer: 0
  m_StaticEditorFlags: 0
  m_IsActive: 1
--- !u!4 &1610985632869204291
Transform:
  m_ObjectHideFlags: 0
  m_CorrespondingSourceObject: {fileID: 0}
  m_PrefabInstance: {fileID: 0}
  m_PrefabAsset: {fileID: 0}
  m_GameObject: {fileID: 1610985632869204290}
  m_LocalRotation: {x: -0.1790222, y: -0.025887202, z: -0.036030453, w: 0.9828442}
  m_LocalPosition: {x: 0.02649169, y: -0.039648853, z: 0.052457508}
  m_LocalScale: {x: 1, y: 1, z: 1}
  m_ConstrainProportionsScale: 0
  m_Children: []
  m_Father: {fileID: 5237543008225696719}
  m_RootOrder: 1
  m_LocalEulerAnglesHint: {x: -45, y: 0, z: 0}
--- !u!114 &1610985632869204300
MonoBehaviour:
  m_ObjectHideFlags: 0
  m_CorrespondingSourceObject: {fileID: 0}
  m_PrefabInstance: {fileID: 0}
  m_PrefabAsset: {fileID: 0}
  m_GameObject: {fileID: 1610985632869204290}
  m_Enabled: 1
  m_EditorHideFlags: 0
  m_Script: {fileID: 11500000, guid: 627855c7f81362d41938ffe0b1475957, type: 3}
  m_Name: 
  m_EditorClassIdentifier: 
  m_SynchronizePosition: 1
  m_SynchronizeRotation: 1
  m_SynchronizeScale: 0
  m_UseLocal: 1
--- !u!1 &1842756881501352151
GameObject:
  m_ObjectHideFlags: 0
  m_CorrespondingSourceObject: {fileID: 0}
  m_PrefabInstance: {fileID: 0}
  m_PrefabAsset: {fileID: 0}
  serializedVersion: 6
  m_Component:
  - component: {fileID: 1842756881501352148}
  m_Layer: 7
  m_Name: End
  m_TagString: Untagged
  m_Icon: {fileID: 0}
  m_NavMeshLayer: 0
  m_StaticEditorFlags: 0
  m_IsActive: 1
--- !u!4 &1842756881501352148
Transform:
  m_ObjectHideFlags: 0
  m_CorrespondingSourceObject: {fileID: 0}
  m_PrefabInstance: {fileID: 0}
  m_PrefabAsset: {fileID: 0}
  m_GameObject: {fileID: 1842756881501352151}
  m_LocalRotation: {x: -0, y: -0, z: -0, w: 1}
  m_LocalPosition: {x: 0, y: 0, z: -0.48000002}
  m_LocalScale: {x: 1, y: 1, z: 1}
  m_ConstrainProportionsScale: 0
  m_Children: []
  m_Father: {fileID: 300866024933053453}
  m_RootOrder: 1
  m_LocalEulerAnglesHint: {x: 0, y: 0, z: 0}
--- !u!1 &1842756881643635048
GameObject:
  m_ObjectHideFlags: 0
  m_CorrespondingSourceObject: {fileID: 0}
  m_PrefabInstance: {fileID: 0}
  m_PrefabAsset: {fileID: 0}
  serializedVersion: 6
  m_Component:
  - component: {fileID: 1842756881643635049}
  m_Layer: 7
  m_Name: Start
  m_TagString: Untagged
  m_Icon: {fileID: 0}
  m_NavMeshLayer: 0
  m_StaticEditorFlags: 0
  m_IsActive: 1
--- !u!4 &1842756881643635049
Transform:
  m_ObjectHideFlags: 0
  m_CorrespondingSourceObject: {fileID: 0}
  m_PrefabInstance: {fileID: 0}
  m_PrefabAsset: {fileID: 0}
  m_GameObject: {fileID: 1842756881643635048}
  m_LocalRotation: {x: -0, y: -0, z: -0, w: 1}
  m_LocalPosition: {x: 0, y: 0, z: 0}
  m_LocalScale: {x: 1, y: 1, z: 1}
  m_ConstrainProportionsScale: 0
  m_Children: []
  m_Father: {fileID: 300866024933053453}
  m_RootOrder: 0
  m_LocalEulerAnglesHint: {x: 0, y: 0, z: 0}
--- !u!1 &3944743165529506242
GameObject:
  m_ObjectHideFlags: 0
  m_CorrespondingSourceObject: {fileID: 0}
  m_PrefabInstance: {fileID: 0}
  m_PrefabAsset: {fileID: 0}
  serializedVersion: 6
  m_Component:
  - component: {fileID: 5391802663131307455}
  - component: {fileID: 8126204147125257229}
  - component: {fileID: 218131291886353391}
  m_Layer: 7
  m_Name: String
  m_TagString: Untagged
  m_Icon: {fileID: 0}
  m_NavMeshLayer: 0
  m_StaticEditorFlags: 0
  m_IsActive: 1
--- !u!4 &5391802663131307455
Transform:
  m_ObjectHideFlags: 0
  m_CorrespondingSourceObject: {fileID: 0}
  m_PrefabInstance: {fileID: 0}
  m_PrefabAsset: {fileID: 0}
  m_GameObject: {fileID: 3944743165529506242}
  m_LocalRotation: {x: 0, y: 0, z: 0, w: 1}
  m_LocalPosition: {x: 0, y: 0, z: 0}
  m_LocalScale: {x: 1, y: 1, z: 1}
  m_ConstrainProportionsScale: 0
  m_Children:
  - {fileID: 1982273676416380119}
  - {fileID: 67969122122506305}
  - {fileID: 2925552069191410267}
  m_Father: {fileID: 5237543008225696719}
  m_RootOrder: 3
  m_LocalEulerAnglesHint: {x: 0, y: 0, z: 0}
--- !u!114 &8126204147125257229
MonoBehaviour:
  m_ObjectHideFlags: 0
  m_CorrespondingSourceObject: {fileID: 0}
  m_PrefabInstance: {fileID: 0}
  m_PrefabAsset: {fileID: 0}
  m_GameObject: {fileID: 3944743165529506242}
  m_Enabled: 1
  m_EditorHideFlags: 0
  m_Script: {fileID: 11500000, guid: a7bf39fa7cd40e94b94b00dec7e5d4d3, type: 3}
  m_Name: 
  m_EditorClassIdentifier: 
  start: {fileID: 1982273676416380119}
  middle: {fileID: 67969122122506305}
  end: {fileID: 2925552069191410267}
--- !u!120 &218131291886353391
LineRenderer:
  serializedVersion: 2
  m_ObjectHideFlags: 0
  m_CorrespondingSourceObject: {fileID: 0}
  m_PrefabInstance: {fileID: 0}
  m_PrefabAsset: {fileID: 0}
  m_GameObject: {fileID: 3944743165529506242}
  m_Enabled: 1
  m_CastShadows: 0
  m_ReceiveShadows: 0
  m_DynamicOccludee: 1
  m_StaticShadowCaster: 0
  m_MotionVectors: 0
  m_LightProbeUsage: 0
  m_ReflectionProbeUsage: 0
  m_RayTracingMode: 0
  m_RayTraceProcedural: 0
  m_RenderingLayerMask: 1
  m_RendererPriority: 0
  m_Materials:
  - {fileID: 2100000, guid: 2af87b258d62c284ca42aa111dadb298, type: 2}
  m_StaticBatchInfo:
    firstSubMesh: 0
    subMeshCount: 0
  m_StaticBatchRoot: {fileID: 0}
  m_ProbeAnchor: {fileID: 0}
  m_LightProbeVolumeOverride: {fileID: 0}
  m_ScaleInLightmap: 1
  m_ReceiveGI: 1
  m_PreserveUVs: 0
  m_IgnoreNormalsForChartDetection: 0
  m_ImportantGI: 0
  m_StitchLightmapSeams: 1
  m_SelectedEditorRenderState: 3
  m_MinimumChartSize: 4
  m_AutoUVMaxDistance: 0.5
  m_AutoUVMaxAngle: 89
  m_LightmapParameters: {fileID: 0}
  m_SortingLayerID: 0
  m_SortingLayer: 0
  m_SortingOrder: 0
  m_Positions:
  - {x: 1.066, y: 1.5, z: -0.16499996}
  - {x: 1.066, y: 1, z: -0.16499996}
  - {x: 1.066, y: 0.45, z: -0.16499996}
  m_Parameters:
    serializedVersion: 3
    widthMultiplier: 0.01
    widthCurve:
      serializedVersion: 2
      m_Curve:
      - serializedVersion: 3
        time: 0
        value: 1
        inSlope: 0
        outSlope: 0
        tangentMode: 0
        weightedMode: 0
        inWeight: 0.33333334
        outWeight: 0.33333334
      m_PreInfinity: 2
      m_PostInfinity: 2
      m_RotationOrder: 4
    colorGradient:
      serializedVersion: 2
      key0: {r: 1, g: 1, b: 1, a: 1}
      key1: {r: 1, g: 1, b: 1, a: 1}
      key2: {r: 0, g: 0, b: 0, a: 0}
      key3: {r: 0, g: 0, b: 0, a: 0}
      key4: {r: 0, g: 0, b: 0, a: 0}
      key5: {r: 0, g: 0, b: 0, a: 0}
      key6: {r: 0, g: 0, b: 0, a: 0}
      key7: {r: 0, g: 0, b: 0, a: 0}
      ctime0: 0
      ctime1: 65535
      ctime2: 0
      ctime3: 0
      ctime4: 0
      ctime5: 0
      ctime6: 0
      ctime7: 0
      atime0: 0
      atime1: 65535
      atime2: 0
      atime3: 0
      atime4: 0
      atime5: 0
      atime6: 0
      atime7: 0
      m_Mode: 0
      m_NumColorKeys: 2
      m_NumAlphaKeys: 2
    numCornerVertices: 0
    numCapVertices: 3
    alignment: 0
    textureMode: 0
    textureScale: {x: 1, y: 1}
    shadowBias: 0.5
    generateLightingData: 0
  m_MaskInteraction: 0
  m_UseWorldSpace: 1
  m_Loop: 0
  m_ApplyActiveColorSpace: 0
--- !u!1 &4207145926853179755
GameObject:
  m_ObjectHideFlags: 0
  m_CorrespondingSourceObject: {fileID: 0}
  m_PrefabInstance: {fileID: 0}
  m_PrefabAsset: {fileID: 0}
  serializedVersion: 6
  m_Component:
  - component: {fileID: 5237543008225696719}
  - component: {fileID: 1178538722461889053}
  - component: {fileID: 1842756881544501688}
  - component: {fileID: 1842756881544501689}
  - component: {fileID: 562413204109232699}
  - component: {fileID: 5080837684246508362}
  - component: {fileID: 4128399663101730889}
  m_Layer: 7
  m_Name: Bow
  m_TagString: Untagged
  m_Icon: {fileID: 0}
  m_NavMeshLayer: 0
  m_StaticEditorFlags: 0
  m_IsActive: 1
--- !u!4 &5237543008225696719
Transform:
  m_ObjectHideFlags: 0
  m_CorrespondingSourceObject: {fileID: 0}
  m_PrefabInstance: {fileID: 0}
  m_PrefabAsset: {fileID: 0}
  m_GameObject: {fileID: 4207145926853179755}
  m_LocalRotation: {x: 0, y: 0, z: 0, w: 1}
  m_LocalPosition: {x: 1.066, y: 1, z: 0}
  m_LocalScale: {x: 1, y: 1, z: 1}
  m_ConstrainProportionsScale: 0
  m_Children:
  - {fileID: 7182314086241510827}
  - {fileID: 1610985632869204291}
  - {fileID: 1610985632837694715}
  - {fileID: 5391802663131307455}
  m_Father: {fileID: 0}
  m_RootOrder: 0
  m_LocalEulerAnglesHint: {x: 0, y: 0, z: 0}
--- !u!114 &1178538722461889053
MonoBehaviour:
  m_ObjectHideFlags: 0
  m_CorrespondingSourceObject: {fileID: 0}
  m_PrefabInstance: {fileID: 0}
  m_PrefabAsset: {fileID: 0}
  m_GameObject: {fileID: 4207145926853179755}
  m_Enabled: 1
  m_EditorHideFlags: 0
  m_Script: {fileID: 11500000, guid: bed6d8822a925ec43a36f07d632808d7, type: 3}
  m_Name: 
  m_EditorClassIdentifier: 
  m_InteractionManager: {fileID: 0}
  m_Colliders:
  - {fileID: 1842756881544501688}
  m_InteractionLayerMask:
    serializedVersion: 2
    m_Bits: 4294967295
  m_InteractionLayers:
    m_Bits: 1
  m_DistanceCalculationMode: 1
  m_SelectMode: 0
  m_CustomReticle: {fileID: 0}
  m_FirstHoverEntered:
    m_PersistentCalls:
      m_Calls: []
  m_LastHoverExited:
    m_PersistentCalls:
      m_Calls: []
  m_HoverEntered:
    m_PersistentCalls:
      m_Calls: []
  m_HoverExited:
    m_PersistentCalls:
      m_Calls: []
  m_FirstSelectEntered:
    m_PersistentCalls:
      m_Calls: []
  m_LastSelectExited:
    m_PersistentCalls:
      m_Calls: []
  m_SelectEntered:
    m_PersistentCalls:
      m_Calls: []
  m_SelectExited:
    m_PersistentCalls:
      m_Calls: []
  m_Activated:
    m_PersistentCalls:
      m_Calls: []
  m_Deactivated:
    m_PersistentCalls:
      m_Calls: []
  m_StartingHoverFilters: []
  m_StartingSelectFilters: []
  m_OnFirstHoverEntered:
    m_PersistentCalls:
      m_Calls: []
  m_OnLastHoverExited:
    m_PersistentCalls:
      m_Calls: []
  m_OnHoverEntered:
    m_PersistentCalls:
      m_Calls: []
  m_OnHoverExited:
    m_PersistentCalls:
      m_Calls: []
  m_OnSelectEntered:
    m_PersistentCalls:
      m_Calls: []
  m_OnSelectExited:
    m_PersistentCalls:
      m_Calls: []
  m_OnSelectCanceled:
    m_PersistentCalls:
      m_Calls: []
  m_OnActivate:
    m_PersistentCalls:
      m_Calls: []
  m_OnDeactivate:
    m_PersistentCalls:
      m_Calls: []
  m_AttachTransform: {fileID: 1610985632869204291}
  m_UseDynamicAttach: 0
  m_MatchAttachPosition: 1
  m_MatchAttachRotation: 1
  m_SnapToColliderVolume: 1
  m_AttachEaseInTime: 0.15
  m_MovementType: 0
  m_VelocityDamping: 0.4
  m_VelocityScale: 1
  m_AngularVelocityDamping: 0.4
  m_AngularVelocityScale: 0.95
  m_TrackPosition: 1
  m_SmoothPosition: 0
  m_SmoothPositionAmount: 5
  m_TightenPosition: 0.5
  m_TrackRotation: 1
  m_SmoothRotation: 0
  m_SmoothRotationAmount: 5
  m_TightenRotation: 0.5
  m_ThrowOnDetach: 1
  m_ThrowSmoothingDuration: 0.25
  m_ThrowSmoothingCurve:
    serializedVersion: 2
    m_Curve:
    - serializedVersion: 3
      time: 1
      value: 1
      inSlope: 0
      outSlope: 0
      tangentMode: 0
      weightedMode: 0
      inWeight: 0
      outWeight: 0
    m_PreInfinity: 2
    m_PostInfinity: 2
    m_RotationOrder: 4
  m_ThrowVelocityScale: 1.5
  m_ThrowAngularVelocityScale: 0.25
  m_ForceGravityOnDetach: 0
  m_RetainTransformParent: 0
  m_AttachPointCompatibilityMode: 0
  m_StartingSingleGrabTransformers: []
  m_StartingMultipleGrabTransformers: []
  m_AddDefaultGrabTransformers: 1
--- !u!136 &1842756881544501688
CapsuleCollider:
  m_ObjectHideFlags: 0
  m_CorrespondingSourceObject: {fileID: 0}
  m_PrefabInstance: {fileID: 0}
  m_PrefabAsset: {fileID: 0}
  m_GameObject: {fileID: 4207145926853179755}
  m_Material: {fileID: 0}
  m_IsTrigger: 1
  m_Enabled: 1
  m_Radius: 0.056903504
  m_Height: 0.4
  m_Direction: 1
  m_Center: {x: 0.006903507, y: -0.025000006, z: 0.01}
--- !u!54 &1842756881544501689
Rigidbody:
  m_ObjectHideFlags: 0
  m_CorrespondingSourceObject: {fileID: 0}
  m_PrefabInstance: {fileID: 0}
  m_PrefabAsset: {fileID: 0}
  m_GameObject: {fileID: 4207145926853179755}
  serializedVersion: 2
  m_Mass: 5
  m_Drag: 0
  m_AngularDrag: 0.05
  m_UseGravity: 0
  m_IsKinematic: 1
  m_Interpolate: 0
  m_Constraints: 0
  m_CollisionDetection: 0
--- !u!114 &562413204109232699
MonoBehaviour:
  m_ObjectHideFlags: 0
  m_CorrespondingSourceObject: {fileID: 0}
  m_PrefabInstance: {fileID: 0}
  m_PrefabAsset: {fileID: 0}
  m_GameObject: {fileID: 4207145926853179755}
  m_Enabled: 1
  m_EditorHideFlags: 0
  m_Script: {fileID: 11500000, guid: aa584fbee541324448dd18d8409c7a41, type: 3}
  m_Name: 
  m_EditorClassIdentifier: 
  ObservedComponentsFoldoutOpen: 1
  Group: 0
  prefixField: -1
  Synchronization: 3
  OwnershipTransfer: 1
  observableSearch: 2
  ObservedComponents:
  - {fileID: 1610985632869204300}
  - {fileID: 4168305179826813042}
  sceneViewId: 0
  InstantiationId: 0
  isRuntimeInstantiated: 0
--- !u!114 &5080837684246508362
MonoBehaviour:
  m_ObjectHideFlags: 0
  m_CorrespondingSourceObject: {fileID: 0}
  m_PrefabInstance: {fileID: 0}
  m_PrefabAsset: {fileID: 0}
  m_GameObject: {fileID: 4207145926853179755}
  m_Enabled: 1
  m_EditorHideFlags: 0
  m_Script: {fileID: 11500000, guid: 97e28cba854079b4ba6a6d08014af4ac, type: 3}
  m_Name: 
  m_EditorClassIdentifier: 
  skipWhenEmpty: 0
  ignoreNonControllerUpdates: 1
  resimulateLateArrivals: 1
--- !u!114 &4128399663101730889
MonoBehaviour:
  m_ObjectHideFlags: 0
  m_CorrespondingSourceObject: {fileID: 0}
  m_PrefabInstance: {fileID: 0}
  m_PrefabAsset: {fileID: 0}
  m_GameObject: {fileID: 4207145926853179755}
  m_Enabled: 1
  m_EditorHideFlags: 0
  m_Script: {fileID: 11500000, guid: 1bfa203032a269543b1fd3cee4aa1dd6, type: 3}
  m_Name: 
  m_EditorClassIdentifier: 
  prefabInstanceId: -65390
  _applyOrder: 13
  keyframeRate: 1
  useDeltas: 1
  _alwaysReady: 0
  serializeThis: 1
  interpolation: 1
  extrapolateRatio: 0.5
  teleportThreshold: 5
  teleportReliable: 0
  transformCrusher:
    expanded: 0
    defaultTransform: {fileID: 0}
    posCrusher:
      expanded: 0
      isExpanded: 1
      hideFieldName: 1
      _trsType: 0
      defaultTransform: {fileID: 0}
      uniformAxes: 0
      _xcrusher:
        expanded: 0
        axis: 0
        showBCL: 0
        expandBCL: 0
        showEnableToggle: 1
        enabled: 1
        _accurateCenter: 1
        outOfBoundsHandling: 1
        encoder: 3276.7
        decoder: 0.0003051851
        actualMin: -10
        actualMax: 10
        wrappoint: 180
        range: 20
        rotationMaxValue: 350
        maxEncodedVal: 65534
        centerValue: 0
        centerEncodedValue: 32767
        _limitRange: 0
        _useHalfRangeX: 0
        _bitsDeterminedBy: -4
        _bits: 10000000100000001000000010000000
        _min: -10
        _max: 10
        _resolution: 4095
        _precision: 0.004884005
        _trsType: 0
      _ycrusher:
        expanded: 0
        axis: 1
        showBCL: 0
        expandBCL: 0
        showEnableToggle: 1
        enabled: 1
        _accurateCenter: 1
        outOfBoundsHandling: 1
        encoder: 21844.666
        decoder: 0.000045777764
        actualMin: -1
        actualMax: 2
        wrappoint: 180.5
        range: 3
        rotationMaxValue: 359
        maxEncodedVal: 65534
        centerValue: 0.5
        centerEncodedValue: 32767
        _limitRange: 0
        _useHalfRangeX: 0
        _bitsDeterminedBy: -4
        _bits: 10000000100000001000000010000000
        _min: -1
        _max: 2
        _resolution: 255
        _precision: 0.011764706
        _trsType: 0
      _zcrusher:
        expanded: 0
        axis: 2
        showBCL: 0
        expandBCL: 0
        showEnableToggle: 1
        enabled: 1
        _accurateCenter: 1
        outOfBoundsHandling: 1
        encoder: 3276.7
        decoder: 0.0003051851
        actualMin: -10
        actualMax: 10
        wrappoint: 180
        range: 20
        rotationMaxValue: 350
        maxEncodedVal: 65534
        centerValue: 0
        centerEncodedValue: 32767
        _limitRange: 0
        _useHalfRangeX: 0
        _bitsDeterminedBy: -4
        _bits: 10000000100000001000000010000000
        _min: -10
        _max: 10
        _resolution: 4095
        _precision: 0.004884005
        _trsType: 0
      _ucrusher:
        expanded: 0
        axis: 4
        showBCL: 0
        expandBCL: 0
        showEnableToggle: 0
        enabled: 1
        _accurateCenter: 0
        outOfBoundsHandling: 1
        encoder: 12.75
        decoder: 0.078431375
        actualMin: -10
        actualMax: 10
        wrappoint: 180
        range: 20
        rotationMaxValue: 350
        maxEncodedVal: 255
        centerValue: 0
        centerEncodedValue: 127
        _limitRange: 0
        _useHalfRangeX: 0
        _bitsDeterminedBy: -1
        _bits: 08000000040000000300000000000000
        _min: -10
        _max: 10
        _resolution: 255
        _precision: 0.078431375
        _trsType: 4
      _qcrusher:
        expanded: 0
        bits: 0
        _compressLevel: 64
        transform: {fileID: 0}
        local: 0
        isStandalone: 1
        showEnableToggle: 0
        enabled: 1
      local: 1
      useWorldBounds: 0
      boundsGroupId: 0
      enableTRSTypeSelector: 0
      enableLocalSelector: 1
      bounds:
        m_Center: {x: 0, y: 0, z: 0}
        m_Extent: {x: 0, y: 0, z: 0}
    rotCrusher:
      expanded: 0
      isExpanded: 1
      hideFieldName: 1
      _trsType: 1
      defaultTransform: {fileID: 0}
      uniformAxes: 0
      _xcrusher:
        expanded: 0
        axis: 0
        showBCL: 0
        expandBCL: 0
        showEnableToggle: 1
        enabled: 1
        _accurateCenter: 1
        outOfBoundsHandling: 1
        encoder: 11.372222
        decoder: 0.08793356
        actualMin: -180
        actualMax: 180
        wrappoint: 180
        range: 360
        rotationMaxValue: 180
        maxEncodedVal: 4094
        centerValue: 0
        centerEncodedValue: 2047
        _limitRange: 0
        _useHalfRangeX: 0
        _bitsDeterminedBy: -1
        _bits: 0c000000080000000600000000000000
        _min: -180
        _max: 180
        _resolution: 4095
        _precision: 0.08791209
        _trsType: 1
      _ycrusher:
        expanded: 0
        axis: 1
        showBCL: 0
        expandBCL: 0
        showEnableToggle: 1
        enabled: 1
        _accurateCenter: 1
        outOfBoundsHandling: 1
        encoder: 11.372222
        decoder: 0.08793356
        actualMin: -180
        actualMax: 180
        wrappoint: 180
        range: 360
        rotationMaxValue: 180
        maxEncodedVal: 4094
        centerValue: 0
        centerEncodedValue: 2047
        _limitRange: 0
        _useHalfRangeX: 0
        _bitsDeterminedBy: -1
        _bits: 0c000000080000000600000000000000
        _min: -180
        _max: 180
        _resolution: 4095
        _precision: 0.08791209
        _trsType: 1
      _zcrusher:
        expanded: 0
        axis: 2
        showBCL: 0
        expandBCL: 0
        showEnableToggle: 1
        enabled: 1
        _accurateCenter: 1
        outOfBoundsHandling: 1
        encoder: 11.372222
        decoder: 0.08793356
        actualMin: -180
        actualMax: 180
        wrappoint: 180
        range: 360
        rotationMaxValue: 180
        maxEncodedVal: 4094
        centerValue: 0
        centerEncodedValue: 2047
        _limitRange: 0
        _useHalfRangeX: 0
        _bitsDeterminedBy: -1
        _bits: 0c000000080000000600000000000000
        _min: -180
        _max: 180
        _resolution: 4095
        _precision: 0.08791209
        _trsType: 1
      _ucrusher:
        expanded: 0
        axis: 4
        showBCL: 0
        expandBCL: 0
        showEnableToggle: 0
        enabled: 1
        _accurateCenter: 0
        outOfBoundsHandling: 1
        encoder: 12.75
        decoder: 0.078431375
        actualMin: -10
        actualMax: 10
        wrappoint: 180
        range: 20
        rotationMaxValue: 350
        maxEncodedVal: 255
        centerValue: 0
        centerEncodedValue: 127
        _limitRange: 0
        _useHalfRangeX: 0
        _bitsDeterminedBy: -1
        _bits: 08000000040000000300000000000000
        _min: -10
        _max: 10
        _resolution: 255
        _precision: 0.078431375
        _trsType: 4
      _qcrusher:
        expanded: 0
        bits: 44
        _compressLevel: -1
        transform: {fileID: 0}
        local: 0
        isStandalone: 0
        showEnableToggle: 1
        enabled: 1
      local: 1
      useWorldBounds: 0
      boundsGroupId: 0
      enableTRSTypeSelector: 0
      enableLocalSelector: 1
      bounds:
        m_Center: {x: 0, y: 0, z: 0}
        m_Extent: {x: 0, y: 0, z: 0}
    sclCrusher:
      expanded: 0
      isExpanded: 1
      hideFieldName: 1
      _trsType: 3
      defaultTransform: {fileID: 0}
      uniformAxes: 0
      _xcrusher:
        expanded: 0
        axis: 0
        showBCL: 0
        expandBCL: 0
        showEnableToggle: 1
        enabled: 0
        _accurateCenter: 1
        outOfBoundsHandling: 1
        encoder: 127
        decoder: 0.007874016
        actualMin: -1
        actualMax: 1
        wrappoint: 180
        range: 2
        rotationMaxValue: 359
        maxEncodedVal: 254
        centerValue: 0
        centerEncodedValue: 127
        _limitRange: 1
        _useHalfRangeX: 0
        _bitsDeterminedBy: -1
        _bits: 08000000040000000300000000000000
        _min: -1
        _max: 1
        _resolution: 255
        _precision: 0.007843138
        _trsType: 3
      _ycrusher:
        expanded: 0
        axis: 1
        showBCL: 0
        expandBCL: 0
        showEnableToggle: 1
        enabled: 0
        _accurateCenter: 1
        outOfBoundsHandling: 1
        encoder: 127
        decoder: 0.007874016
        actualMin: -1
        actualMax: 1
        wrappoint: 180
        range: 2
        rotationMaxValue: 359
        maxEncodedVal: 254
        centerValue: 0
        centerEncodedValue: 127
        _limitRange: 1
        _useHalfRangeX: 0
        _bitsDeterminedBy: -1
        _bits: 08000000040000000300000000000000
        _min: -1
        _max: 1
        _resolution: 255
        _precision: 0.007843138
        _trsType: 3
      _zcrusher:
        expanded: 0
        axis: 2
        showBCL: 0
        expandBCL: 0
        showEnableToggle: 1
        enabled: 0
        _accurateCenter: 1
        outOfBoundsHandling: 1
        encoder: 127
        decoder: 0.007874016
        actualMin: -1
        actualMax: 1
        wrappoint: 180
        range: 2
        rotationMaxValue: 359
        maxEncodedVal: 254
        centerValue: 0
        centerEncodedValue: 127
        _limitRange: 1
        _useHalfRangeX: 0
        _bitsDeterminedBy: -1
        _bits: 08000000040000000300000000000000
        _min: -1
        _max: 1
        _resolution: 255
        _precision: 0.007843138
        _trsType: 3
      _ucrusher:
        expanded: 0
        axis: 3
        showBCL: 0
        expandBCL: 0
        showEnableToggle: 1
        enabled: 1
        _accurateCenter: 0
        outOfBoundsHandling: 1
        encoder: 511.5
        decoder: 0.0019550342
        actualMin: 0
        actualMax: 2
        wrappoint: 181
        range: 2
        rotationMaxValue: 360
        maxEncodedVal: 1023
        centerValue: 1
        centerEncodedValue: 511
        _limitRange: 1
        _useHalfRangeX: 0
        _bitsDeterminedBy: -1
        _bits: 0a000000060000000500000000000000
        _min: 0
        _max: 2
        _resolution: 1023
        _precision: 0.0019550342
        _trsType: 3
      _qcrusher:
        expanded: 0
        bits: 0
        _compressLevel: 64
        transform: {fileID: 0}
        local: 0
        isStandalone: 1
        showEnableToggle: 0
        enabled: 1
      local: 1
      useWorldBounds: 0
      boundsGroupId: 0
      enableTRSTypeSelector: 0
      enableLocalSelector: 1
      bounds:
        m_Center: {x: 0, y: 0, z: 0}
        m_Extent: {x: 0, y: 0, z: 0}
    isExpanded: 1
--- !u!1 &5237572492647150498
GameObject:
  m_ObjectHideFlags: 0
  m_CorrespondingSourceObject: {fileID: 0}
  m_PrefabInstance: {fileID: 0}
  m_PrefabAsset: {fileID: 0}
  serializedVersion: 6
  m_Component:
  - component: {fileID: 1982273676416380119}
  m_Layer: 7
  m_Name: Start
  m_TagString: Untagged
  m_Icon: {fileID: 0}
  m_NavMeshLayer: 0
  m_StaticEditorFlags: 0
  m_IsActive: 1
--- !u!4 &1982273676416380119
Transform:
  m_ObjectHideFlags: 0
  m_CorrespondingSourceObject: {fileID: 0}
  m_PrefabInstance: {fileID: 0}
  m_PrefabAsset: {fileID: 0}
  m_GameObject: {fileID: 5237572492647150498}
  m_LocalRotation: {x: -0, y: -0, z: -0, w: 1}
  m_LocalPosition: {x: 0, y: 0.5, z: -0.16499996}
  m_LocalScale: {x: 1, y: 1, z: 1}
  m_ConstrainProportionsScale: 0
  m_Children: []
  m_Father: {fileID: 5391802663131307455}
  m_RootOrder: 0
  m_LocalEulerAnglesHint: {x: 0, y: 0, z: 0}
--- !u!1 &7537583736070176945
GameObject:
  m_ObjectHideFlags: 0
  m_CorrespondingSourceObject: {fileID: 0}
  m_PrefabInstance: {fileID: 0}
  m_PrefabAsset: {fileID: 0}
  serializedVersion: 6
  m_Component:
  - component: {fileID: 2925552069191410267}
  m_Layer: 7
  m_Name: End
  m_TagString: Untagged
  m_Icon: {fileID: 0}
  m_NavMeshLayer: 0
  m_StaticEditorFlags: 0
  m_IsActive: 1
--- !u!4 &2925552069191410267
Transform:
  m_ObjectHideFlags: 0
  m_CorrespondingSourceObject: {fileID: 0}
  m_PrefabInstance: {fileID: 0}
  m_PrefabAsset: {fileID: 0}
  m_GameObject: {fileID: 7537583736070176945}
  m_LocalRotation: {x: -0, y: -0, z: -0, w: 1}
  m_LocalPosition: {x: 0, y: -0.55, z: -0.16499996}
  m_LocalScale: {x: 1, y: 1, z: 1}
  m_ConstrainProportionsScale: 0
  m_Children: []
  m_Father: {fileID: 5391802663131307455}
  m_RootOrder: 2
  m_LocalEulerAnglesHint: {x: 0, y: 0, z: 0}
--- !u!1 &8106766262399580594
GameObject:
  m_ObjectHideFlags: 0
  m_CorrespondingSourceObject: {fileID: 0}
  m_PrefabInstance: {fileID: 0}
  m_PrefabAsset: {fileID: 0}
  serializedVersion: 6
  m_Component:
  - component: {fileID: 300866024933053453}
  - component: {fileID: 4468476623684035639}
  - component: {fileID: 5525637968816454984}
  m_Layer: 7
  m_Name: Measurer
  m_TagString: Untagged
  m_Icon: {fileID: 0}
  m_NavMeshLayer: 0
  m_StaticEditorFlags: 0
  m_IsActive: 1
--- !u!4 &300866024933053453
Transform:
  m_ObjectHideFlags: 0
  m_CorrespondingSourceObject: {fileID: 0}
  m_PrefabInstance: {fileID: 0}
  m_PrefabAsset: {fileID: 0}
  m_GameObject: {fileID: 8106766262399580594}
  m_LocalRotation: {x: 0, y: 0, z: 0, w: 1}
  m_LocalPosition: {x: 0, y: 0, z: 0}
  m_LocalScale: {x: 1, y: 1, z: 1}
  m_ConstrainProportionsScale: 0
  m_Children:
  - {fileID: 1842756881643635049}
  - {fileID: 1842756881501352148}
  m_Father: {fileID: 1610985632837694715}
  m_RootOrder: 0
  m_LocalEulerAnglesHint: {x: 0, y: 0, z: 0}
--- !u!114 &4468476623684035639
MonoBehaviour:
  m_ObjectHideFlags: 0
  m_CorrespondingSourceObject: {fileID: 0}
  m_PrefabInstance: {fileID: 0}
  m_PrefabAsset: {fileID: 0}
  m_GameObject: {fileID: 8106766262399580594}
  m_Enabled: 1
  m_EditorHideFlags: 0
  m_Script: {fileID: 11500000, guid: d5bad711d8ab0cb4db20eab960967d66, type: 3}
  m_Name: 
  m_EditorClassIdentifier: 
  m_InteractionManager: {fileID: 0}
  m_Colliders: []
  m_InteractionLayerMask:
    serializedVersion: 2
    m_Bits: 4294967295
  m_InteractionLayers:
    m_Bits: 1
  m_DistanceCalculationMode: 1
  m_SelectMode: 0
  m_CustomReticle: {fileID: 0}
  m_FirstHoverEntered:
    m_PersistentCalls:
      m_Calls: []
  m_LastHoverExited:
    m_PersistentCalls:
      m_Calls: []
  m_HoverEntered:
    m_PersistentCalls:
      m_Calls: []
  m_HoverExited:
    m_PersistentCalls:
      m_Calls: []
  m_FirstSelectEntered:
    m_PersistentCalls:
      m_Calls: []
  m_LastSelectExited:
    m_PersistentCalls:
      m_Calls: []
  m_SelectEntered:
    m_PersistentCalls:
      m_Calls: []
  m_SelectExited:
    m_PersistentCalls:
      m_Calls: []
  m_Activated:
    m_PersistentCalls:
      m_Calls: []
  m_Deactivated:
    m_PersistentCalls:
      m_Calls: []
  m_StartingHoverFilters: []
  m_StartingSelectFilters: []
  m_OnFirstHoverEntered:
    m_PersistentCalls:
      m_Calls: []
  m_OnLastHoverExited:
    m_PersistentCalls:
      m_Calls: []
  m_OnHoverEntered:
    m_PersistentCalls:
      m_Calls: []
  m_OnHoverExited:
    m_PersistentCalls:
      m_Calls: []
  m_OnSelectEntered:
    m_PersistentCalls:
      m_Calls: []
  m_OnSelectExited:
    m_PersistentCalls:
      m_Calls: []
  m_OnSelectCanceled:
    m_PersistentCalls:
      m_Calls: []
  m_OnActivate:
    m_PersistentCalls:
      m_Calls: []
  m_OnDeactivate:
    m_PersistentCalls:
      m_Calls: []
  start: {fileID: 1842756881643635049}
  end: {fileID: 1842756881501352148}
--- !u!65 &5525637968816454984
BoxCollider:
  m_ObjectHideFlags: 0
  m_CorrespondingSourceObject: {fileID: 0}
  m_PrefabInstance: {fileID: 0}
  m_PrefabAsset: {fileID: 0}
  m_GameObject: {fileID: 8106766262399580594}
  m_Material: {fileID: 0}
  m_IsTrigger: 1
  m_Enabled: 1
  serializedVersion: 2
  m_Size: {x: 0.1, y: 0.1, z: 0.1}
  m_Center: {x: 0, y: 0, z: -0.05}
--- !u!1 &8269960244364021273
GameObject:
  m_ObjectHideFlags: 0
  m_CorrespondingSourceObject: {fileID: 0}
  m_PrefabInstance: {fileID: 0}
  m_PrefabAsset: {fileID: 0}
  serializedVersion: 6
  m_Component:
  - component: {fileID: 7182314086241510827}
  - component: {fileID: 8149133103860071924}
  - component: {fileID: 8149133103860071925}
  m_Layer: 7
  m_Name: Mesh
  m_TagString: Untagged
  m_Icon: {fileID: 0}
  m_NavMeshLayer: 0
  m_StaticEditorFlags: 0
  m_IsActive: 1
--- !u!4 &7182314086241510827
Transform:
  m_ObjectHideFlags: 0
  m_CorrespondingSourceObject: {fileID: 0}
  m_PrefabInstance: {fileID: 0}
  m_PrefabAsset: {fileID: 0}
  m_GameObject: {fileID: 8269960244364021273}
  m_LocalRotation: {x: 0, y: -0, z: -0, w: 1}
  m_LocalPosition: {x: -0, y: 0, z: 0}
  m_LocalScale: {x: 1, y: 1, z: 1}
  m_ConstrainProportionsScale: 0
  m_Children: []
  m_Father: {fileID: 5237543008225696719}
  m_RootOrder: 0
  m_LocalEulerAnglesHint: {x: 0, y: 0, z: 0}
--- !u!23 &8149133103860071924
MeshRenderer:
  m_ObjectHideFlags: 0
  m_CorrespondingSourceObject: {fileID: 0}
  m_PrefabInstance: {fileID: 0}
  m_PrefabAsset: {fileID: 0}
  m_GameObject: {fileID: 8269960244364021273}
  m_Enabled: 1
  m_CastShadows: 1
  m_ReceiveShadows: 1
  m_DynamicOccludee: 1
  m_StaticShadowCaster: 0
  m_MotionVectors: 1
  m_LightProbeUsage: 1
  m_ReflectionProbeUsage: 1
  m_RayTracingMode: 2
  m_RayTraceProcedural: 0
  m_RenderingLayerMask: 1
  m_RendererPriority: 0
  m_Materials:
  - {fileID: 2100000, guid: f655ffabc7257dc49bbabeb5931002e9, type: 2}
  m_StaticBatchInfo:
    firstSubMesh: 0
    subMeshCount: 0
  m_StaticBatchRoot: {fileID: 0}
  m_ProbeAnchor: {fileID: 0}
  m_LightProbeVolumeOverride: {fileID: 0}
  m_ScaleInLightmap: 1
  m_ReceiveGI: 1
  m_PreserveUVs: 0
  m_IgnoreNormalsForChartDetection: 0
  m_ImportantGI: 0
  m_StitchLightmapSeams: 1
  m_SelectedEditorRenderState: 3
  m_MinimumChartSize: 4
  m_AutoUVMaxDistance: 0.5
  m_AutoUVMaxAngle: 89
  m_LightmapParameters: {fileID: 0}
  m_SortingLayerID: 0
  m_SortingLayer: 0
  m_SortingOrder: 0
  m_AdditionalVertexStreams: {fileID: 0}
--- !u!33 &8149133103860071925
MeshFilter:
  m_ObjectHideFlags: 0
  m_CorrespondingSourceObject: {fileID: 0}
  m_PrefabInstance: {fileID: 0}
  m_PrefabAsset: {fileID: 0}
  m_GameObject: {fileID: 8269960244364021273}
  m_Mesh: {fileID: 4300000, guid: 0749e30cf9ee8c6448bd2a82cd428c5f, type: 3}
